% Mobile robot localization

% Journal: IEEE Transactions on Control Systems Technology 
@ARTICLE{Martinelli2015-Robot, 
author={F. Martinelli}, 
journal={IEEE Transactions on Control Systems Technology}, 
title={A Robot Localization System Combining RSSI and Phase Shift in UHF-RFID Signals},
year={2015}, 
volume={23}, 
number={5}, 
pages={1782-1796},  
doi={10.1109/TCST.2014.2386777}, 
ISSN={1063-6536}, 
month={Sept},
}
@InProceedings{Zhang2016,
author = {X. Zhan and, R. Adhikari and M. Pipattanasomporn and M. Kuzlu and S. Rahman},
title = {Deploying IoT Devices to Make Buildings Smart: 	Performance Evaluation and Deployment Experience},
booktitle = {Proceedings on IEEE World Forum on Internet of Things},
year = {2016},
month = {December},
}

@InProceedings{Pipattanasomporn2015,
author = {M. Pippatanasomporn and M. Kuzlu and W. Khampahanchi and A. Saha and K. Rathinavel and S. Rahman},
title = {BEMOSS: An Agent Platform to FacilitateGrid-
Interactive Building Operation with IoT Devices},
booktitle = {Innovative Smart Grid Technologies Conference Europe (ISGT-Europe)},
}

@InProceedings{Khan2018,
author = {Kaisar R. Khan and Atiqur Rahman and Adnan Nadeem and Muhammad Shoaib Siidiqui and Rafi Ahmad Khan},
title = {Remote Monitoring and Control of Microgrid using Smart Sensor Network and Internet of Thing},
booktitle = {2018 1st ICCAIS},
year = {2018},
OPTkey = {•},
OPTvolume = {•},
OPTnumber = {•},
OPTpages = {•},
OPTmonth = {•},
OPTnote = {•},
OPTannote = {•}
}





